@article{fan2019arxiv,
author = {Zheyong Fan and Yanzhou Wang and Xiaokun Gu and Ping Qian and Yanjing Su and Tapio Ala-Nissila},
title = {{A minimal Tersoff potential for diamond silicon with improved descriptions of elastic and phonon transport properties}},
journal = {arXiv preprint arXiv:1909.11474},
year = {2019},
URL = {https://arxiv.org/abs/1909.11474}
}
